<?xml version = "1.0" encoding = "UTF-8"?><record>
  <leader>01282nam#a2200301#c#4500</leader>
  <controlfield tag="005">20210408175726.0</controlfield>
  <controlfield tag="007">tu</controlfield>
  <controlfield tag="008">060407|1970####xxu###########|||#|#eng#c</controlfield>
  <controlfield tag="003">DE-605</controlfield>
  <controlfield tag="001">990145062680206441</controlfield>
  <datafield tag="016" ind1="7" ind2=" ">
    <subfield code="a">310784915</subfield>
    <subfield code="2">OCoLC</subfield>
  </datafield>
  <datafield tag="035" ind1=" " ind2=" ">
    <subfield code="a">(DE-605)TT001451033</subfield>
  </datafield>
  <datafield tag="040" ind1=" " ind2=" ">
    <subfield code="a">386</subfield>
    <subfield code="b">ger</subfield>
    <subfield code="c">386</subfield>
    <subfield code="d">386</subfield>
    <subfield code="e">rakwb</subfield>
  </datafield>
  <datafield tag="041" ind1=" " ind2=" ">
    <subfield code="a">eng</subfield>
  </datafield>
  <datafield tag="044" ind1=" " ind2=" ">
    <subfield code="c">XD-US</subfield>
  </datafield>
  <datafield tag="111" ind1="2" ind2=" ">
    <subfield code="a">Technical Symposium on Academic Education in Computer Science</subfield>
    <subfield code="n">1</subfield>
    <subfield code="d">1970</subfield>
    <subfield code="c">Houston, Tex.</subfield>
    <subfield code="0">(DE-588)816378-9</subfield>
    <subfield code="4">aut</subfield>
    <subfield code="0">(uri) https://portal.dnb.de/opac.htm?method=simpleSearch&amp;cqlMode=true&amp;query=idn=008163782</subfield>
    <subfield code="0">(uri) http://viaf.org/viaf/sourceID/DNB|008163782</subfield>
    <subfield code="B">GND-008163782</subfield>
  </datafield>
  <datafield tag="245" ind1="1" ind2="0">
    <subfield code="a">Papers presented at ACM SIGCSE Technical Symposium on Academic Education in Computer Science</subfield>
    <subfield code="b">Nov. 16, 1970, Houston, Texas</subfield>
    <subfield code="c">sponsored by the Association for Computing Machinery / Special Interest Group on Computer Science Education</subfield>
  </datafield>
  <datafield tag="246" ind1="3" ind2=" ">
    <subfield code="a">Academic education in computer science</subfield>
  </datafield>
  <datafield tag="264" ind1=" " ind2="1">
    <subfield code="a">New York, NY</subfield>
    <subfield code="b">ACM</subfield>
    <subfield code="c">1970</subfield>
  </datafield>
  <datafield tag="300" ind1=" " ind2=" ">
    <subfield code="a">VI, 126 S.</subfield>
  </datafield>
  <datafield tag="500" ind1=" " ind2=" ">
    <subfield code="a">Aus: SIGCSE bulletin: Vol.2, No.3, 1970</subfield>
    <subfield code="9">F:501</subfield>
  </datafield>
  <datafield tag="710" ind1="2" ind2=" ">
    <subfield code="a">Association for Computing Machinery</subfield>
    <subfield code="b">Special Interest Group on Computer Science Education</subfield>
    <subfield code="0">(DE-588)7918-2</subfield>
    <subfield code="4">oth</subfield>
    <subfield code="0">(uri) https://portal.dnb.de/opac.htm?method=simpleSearch&amp;cqlMode=true&amp;query=idn=000079189</subfield>
    <subfield code="0">(uri) http://viaf.org/viaf/sourceID/DNB|000079189</subfield>
    <subfield code="B">GND-000079189</subfield>
  </datafield>
  <datafield tag="785" ind1="0" ind2="0">
    <subfield code="i">Spaeter</subfield>
    <subfield code="t">Symposium on Education in Computer Science &lt;02, 1972, St. Louis, Miss.&gt;</subfield>
  </datafield>
  <datafield tag="964" ind1="0" ind2="s">
    <subfield code="F">030</subfield>
    <subfield code="A">az1ucr|||||27</subfield>
  </datafield>
  <datafield tag="964" ind1="0" ind2="s">
    <subfield code="F">050</subfield>
    <subfield code="A">a|||||||||||||</subfield>
  </datafield>
  <datafield tag="964" ind1="0" ind2="s">
    <subfield code="F">051</subfield>
    <subfield code="A">m|||||||</subfield>
  </datafield>
  <datafield tag="035" ind1=" " ind2=" ">
    <subfield code="a">(OCoLC)310784915</subfield>
    <subfield code="0">(uri) http://www.worldcat.org/oclc/310784915</subfield>
  </datafield>
  <datafield tag="035" ind1=" " ind2=" ">
    <subfield code="a">(DE-599)HBZTT001451033</subfield>
  </datafield>
  <datafield tag="MBD" ind1=" " ind2=" ">
    <subfield code="M">49HBZ_NETWORK</subfield>
    <subfield code="i">990145062680206441</subfield>
    <subfield code="n">HBZ Network</subfield>
  </datafield>
  <datafield tag="MNG" ind1=" " ind2=" ">
    <subfield code="c">System</subfield>
    <subfield code="f">ILS</subfield>
    <subfield code="i">marc21</subfield>
    <subfield code="k">01</subfield>
    <subfield code="e">false</subfield>
    <subfield code="d">2021-04-08 17:57:26 Europe/Berlin</subfield>
    <subfield code="g">014506268-HBZ01</subfield>
    <subfield code="j">60</subfield>
    <subfield code="a">import</subfield>
    <subfield code="b">2021-04-05 14:23:32 Europe/Berlin</subfield>
  </datafield>
  <datafield tag="GKT" ind1="2" ind2=" ">
    <subfield code="a">Special Interest Group on Computer Science Education</subfield>
    <subfield code="A">GND</subfield>
    <subfield code="B">GND-000079189</subfield>
    <subfield code="C">410</subfield>
  </datafield>
  <datafield tag="GKT" ind1="2" ind2=" ">
    <subfield code="a">ACM Special Interest Group on Computer Science Education</subfield>
    <subfield code="A">GND</subfield>
    <subfield code="B">GND-000079189</subfield>
    <subfield code="C">410</subfield>
  </datafield>
  <datafield tag="GKT" ind1="2" ind2=" ">
    <subfield code="a">SIGCSE</subfield>
    <subfield code="4">abku</subfield>
    <subfield code="4">http://d-nb.info/standards/elementset/gnd#abbreviatedNameForTheCorporateBody</subfield>
    <subfield code="w">r</subfield>
    <subfield code="i">Abkuerzung</subfield>
    <subfield code="e">Abkuerzung</subfield>
    <subfield code="A">GND</subfield>
    <subfield code="B">GND-000079189</subfield>
    <subfield code="C">410</subfield>
  </datafield>
  <datafield tag="GKT" ind1="2" ind2=" ">
    <subfield code="a">ACM SIGCSE</subfield>
    <subfield code="4">abku</subfield>
    <subfield code="4">http://d-nb.info/standards/elementset/gnd#abbreviatedNameForTheCorporateBody</subfield>
    <subfield code="w">r</subfield>
    <subfield code="i">Abkuerzung</subfield>
    <subfield code="e">Abkuerzung</subfield>
    <subfield code="A">GND</subfield>
    <subfield code="B">GND-000079189</subfield>
    <subfield code="C">410</subfield>
  </datafield>
  <datafield tag="GSI" ind1="7" ind2=" ">
    <subfield code="a">http://d-nb.info/gnd/7918-2</subfield>
    <subfield code="2">uri</subfield>
    <subfield code="A">GND</subfield>
    <subfield code="B">GND-000079189</subfield>
    <subfield code="C">024</subfield>
  </datafield>
  <datafield tag="GKS" ind1="2" ind2=" ">
    <subfield code="a">ACM SIGCSE Technical Symposium on Academic Education in Computer Science</subfield>
    <subfield code="n">1</subfield>
    <subfield code="d">1970</subfield>
    <subfield code="c">Houston, Tex.</subfield>
    <subfield code="A">GND</subfield>
    <subfield code="B">GND-008163782</subfield>
    <subfield code="C">411</subfield>
  </datafield>
  <datafield tag="GSI" ind1="7" ind2=" ">
    <subfield code="a">http://d-nb.info/gnd/816378-9</subfield>
    <subfield code="2">uri</subfield>
    <subfield code="A">GND</subfield>
    <subfield code="B">GND-008163782</subfield>
    <subfield code="C">024</subfield>
  </datafield>
</record>